@article{baltazar2020sustainableeconomies,
    title={Sustainable economies: Using a macro-economic model to predict how the default rate is affected under economic stress scenarios}, 
    volume={2}, 
    ISSN={2666-1888}, 
    DOI={https://doi.org/10.1016/j.sftr.2020.100011}, 
    journal={Sustainable Futures}, 
    author={Baltazar, José and Reis, João and Amorim, Marlene}, 
    year={2020}
}

@techreport{ravallion2021macroeconomicmisery,
    title = "Macroeconomic Misery by Levels of Income in America",
    author = "Ravallion, Martin",
    institution = "National Bureau of Economic Research",
    type = "Working Paper",
    series = "Working Paper Series",
    number = "29050",
    year = "2021",
    month = "July",
    doi = {10.3386/w29050},
    URL = "http://www.nber.org/papers/w29050"
}

@inproceedings{livieris2024anevaluationframework, 
    address={Cham}, 
    title={An Evaluation Framework for Synthetic Data Generation Models}, 
    ISBN={978-3-031-63219-8}, 
    booktitle={Artificial Intelligence Applications and Innovations}, 
    publisher={Springer Nature Switzerland}, 
    author={Livieris, I. E. and Alimpertis, N. and Domalis, G. and Tsakalidis, D.}, 
    editor={Maglogiannis, Ilias and Iliadis, Lazaros and Macintyre, John and Avlonitis, Markos and Papaleonidas, Antonios}, 
    year={2024}, 
    pages={320–335}
}

@inproceedings{yoon2019timeseriesgenerative, 
    title={Time-series Generative Adversarial Networks}, 
    volume={32}, url={https://proceedings.neurips.cc/paper_files/paper/2019/file/c9efe5f26cd17ba6216bbe2a7d26d490-Paper.pdf}, 
    booktitle={Advances in Neural Information Processing Systems}, 
    publisher={Curran Associates, Inc.}, 
    author={Yoon, Jinsung and Jarrett, Daniel and van der Schaar, Mihaela}, 
    editor={Wallach, H. and Larochelle, H. and Beygelzimer, A. and Alché-Buc, F. d’ and Fox, E. and Garnett, R.}, 
    year={2019}
}

@misc{yuan2024multifacetedevaluation,
      title={A Multi-Faceted Evaluation Framework for Assessing Synthetic Data Generated by Large Language Models}, 
      author={Yefeng Yuan and Yuhong Liu and Liang Cheng},
      year={2024},
      eprint={2404.14445},
      archivePrefix={arXiv},
      primaryClass={cs.LG},
      url={https://arxiv.org/abs/2404.14445} 
}

@article{rizzato2023generativeadversarial, 
    title={Generative Adversarial Networks applied to synthetic financial scenarios generation}, volume={623}, 
    ISSN={0378-4371}, 
    DOI={https://doi.org/10.1016/j.physa.2023.128899}, 
    journal={Physica A: Statistical Mechanics and its Applications}, 
    author={Rizzato, Matteo and Wallart, Julien and Geissler, Christophe and Morizet, Nicolas and Boumlaik, Noureddine}, 
    year={2023}, 
    pages={128899} 
}

@misc{voxeuUnemployment,
  author = {Cazes, Sandrine and Verick, Sher},
  title = {Figuring Out Efficient Unemployment},
  year = {2020},
  howpublished = {\url{https://cepr.org/voxeu/columns/figuring-out-efficient-unemployment}},
  note = {Accessed: 2024-04-28}
}

@misc{treasuryRealWages,
  author = {{U.S. Department of the Treasury}},
  title = {The Purchasing Power of American Households},
  year = {2023},
  howpublished = {\url{https://home.treasury.gov/news/featured-stories/the-purchasing-power-of-american-households}},
  note = {Accessed: 2024-04-28}
}

@misc{awsGAN,
  author = {{Amazon Web Services}},
  title = {What is a Generative Adversarial Network (GAN)?},
  year = {2023},
  howpublished = {\url{https://aws.amazon.com/what-is/gan/}},
  note = {Accessed: 2024-04-28}
}

@misc{ibmLatentSpace,
  author = {{IBM Research}},
  title = {What is Latent Space?},
  year = {2023},
  howpublished = {\url{https://www.ibm.com/think/topics/latent-space}},
  note = {Accessed: 2024-04-28}
}